
@ARTICLE{AllenBurton93,
	author = {{Allen}, D.~A. and {Burton}, M.~G.},
    	title = "{Explosive ejection of matter associated with star formation in the Orion nebula}",
   	journal = {\nat},
   	keywords = {ORION NEBULA, STAR FORMATION, STELLAR MASS EJECTION, H II REGIONS, HERBIG-HARO OBJECTS, INFRARED       SOURCES (ASTRONOMY), INTERSTELLAR MATTER, MOLECULAR CLOUDS, WAKES},
     	year = 1993,
     	month = may,
   	volume = 363,
    	pages = {54-56},
      	doi = {10.1038/363054a0},
   	adsurl = {http://adsabs.harvard.edu/abs/1993Natur.363...54A},
  	adsnote = {Provided by the SAO/NASA Astrophysics Data System}
}

@ARTICLE{AxonTaylor1984,
   author = {{Axon}, D.~J. and {Taylor}, K.},
    title = "{Discovery of a family of Herbig-Haro objects in M42 Implications for the geometry of the high velocity molecular flow?}",
  journal = {\mnras},
 keywords = {Flow Geometry, Flow Velocity, Herbig-Haro Objects, Molecular Flow, Orion Nebula, Stellar Spectrophotometry, Electronography, Interstellar Gas, Line Spectra, Molecular Clouds, Oxygen Spectra, Stellar Winds},
     year = 1984,
    month = mar,
   volume = 207,
    pages = {241-261},
   adsurl = {http://adsabs.harvard.edu/abs/1984MNRAS.207..241A},
  adsnote = {Provided by the SAO/NASA Astrophysics Data System}
}

@ARTICLE{Bally2011,
   author = {{Bally}, J. and {Cunningham}, N.~J. and {Moeckel}, N. and {Burton}, M.~G. and 
	{Smith}, N. and {Frank}, A. and {Nordlund}, A.},
    title = "{Explosive Outflows Powered by the Decay of Non-hierarchical Multiple Systems of Massive Stars: Orion BN/KL}",
  journal = {\apj},
archivePrefix = "arXiv",
   eprint = {1011.5512},
 primaryClass = "astro-ph.GA",
 keywords = {ISM: individual objects: M42 Orion Nebula OMC1, ISM: jets and outflows, stars: formation, stars: massive, stars: protostars},
     year = 2011,
    month = feb,
   volume = 727,
      eid = {113},
    pages = {113},
      doi = {10.1088/0004-637X/727/2/113},
   adsurl = {http://adsabs.harvard.edu/abs/2011ApJ...727..113B},
  adsnote = {Provided by the SAO/NASA Astrophysics Data System}
}


@ARTICLE{BeutherNissen2008,
   author = {{Beuther}, H. and {Nissen}, H.~D.},
    title = "{Identifying the Outflow Driving Sources in Orion-KL}",
  journal = {\apjl},
archivePrefix = "arXiv",
   eprint = {0804.2539},
 keywords = {ISM: Jets and Outflows, Stars: Early-Type, Stars: Formation, stars: individual (Orion-KL)},
     year = 2008,
    month = jun,
   volume = 679,
    pages = {L121-L124},
      doi = {10.1086/589330},
   adsurl = {http://adsabs.harvard.edu/abs/2008ApJ...679L.121B},
  adsnote = {Provided by the SAO/NASA Astrophysics Data System}
}

@ARTICLE{Blondin1990,
   author = {{Blondin}, J.~M. and {Fryxell}, B.~A. and {Konigl}, A.},
    title = "{The structure and evolution of radiatively cooling jets}",
  journal = {\apj},
 keywords = {COMPUTATIONAL ASTROPHYSICS, MAGNETOHYDRODYNAMICS, PLASMA JETS, RADIATIVE HEAT TRANSFER, COMPUTERIZED SIMULATION, H II REGIONS, HERBIG-HARO OBJECTS, PLASMA PINCH, PRE-MAIN SEQUENCE STARS},
     year = 1990,
    month = sep,
   volume = 360,
    pages = {370-386},
      doi = {10.1086/169128},
   adsurl = {http://adsabs.harvard.edu/abs/1990ApJ...360..370B},
  adsnote = {Provided by the SAO/NASA Astrophysics Data System}
}

@ARTICLE{Canto1980,
   author = {{Canto}, J. and {Goudis}, C. and {Johnson}, P.~G. and {Meaburn}, J.
	},
    title = "{Herbig-Haro objects in the Orion Nebula}",
  journal = {\aap},
 keywords = {Herbig-Haro Objects, Orion Nebula, Photographs, Stellar Winds},
     year = 1980,
    month = may,
   volume = 85,
    pages = {128-134},
   adsurl = {http://adsabs.harvard.edu/abs/1980A%26A....85..128C},
  adsnote = {Provided by the SAO/NASA Astrophysics Data System}
}


@INPROCEEDINGS{dOrgeville2012,
   author = {{d'Orgeville}, C. and {Diggs}, S. and {Fesquet}, V. and {Neichel}, B. and 
	{Rambold}, W. and {Rigaut}, F. and {Serio}, A. and {Araya}, C. and 
	{Arriagada}, G. and {Balladares}, R. and {Bec}, M. and {Boccas}, M. and 
	{Duran}, C. and {Ebbers}, A. and {Lopez}, A. and {Marchant}, C. and 
	{Marin}, E. and {Montes}, V. and {Moreno}, C. and {Petit Vega}, E. and 
	{Segura}, C. and {Trancho}, G. and {Trujillo}, C. and {Urrutia}, C. and 
	{Veliz}, P. and {Vucina}, T.},
    title = "{Gemini South multi-conjugate adaptive optics (GeMS) laser guide star facility on-sky performance results}",
booktitle = {Society of Photo-Optical Instrumentation Engineers (SPIE) Conference Series},
     year = 2012,
   series = {Society of Photo-Optical Instrumentation Engineers (SPIE) Conference Series},
   volume = 8447,
    month = jul,
      eid = {84471Q},
      doi = {10.1117/12.925813},
   adsurl = {http://adsabs.harvard.edu/abs/2012SPIE.8447E..1QD},
  adsnote = {Provided by the SAO/NASA Astrophysics Data System}
}


@ARTICLE{Doi2002,
   author = {{Doi}, T. and {O'Dell}, C.~R. and {Hartigan}, P.},
    title = "{Internal Velocities in the Orion Nebula: Large Proper-Motion Features}",
  journal = {\aj},
 keywords = {Herbig-Haro objects, ISM: Individual: Name: Orion Nebula, ISM: Jets and Outflows, Stars: Winds, Outflows},
     year = 2002,
    month = jul,
   volume = 124,
    pages = {445-463},
      doi = {10.1086/341044},
   adsurl = {http://adsabs.harvard.edu/abs/2002AJ....124..445D},
  adsnote = {Provided by the SAO/NASA Astrophysics Data System}
}

@ARTICLE{Doi2004,
   author = {{Doi}, T. and {O'Dell}, C.~R. and {Hartigan}, P.},
    title = "{Internal Velocities in the Orion Nebula: Large Radial Velocity Features}",
  journal = {\aj},
 keywords = {ISM: Herbig-Haro Objects, ISM: Individual: Name: Orion Nebula, ISM: Jets and Outflows, Stars: Winds, Outflows},
     year = 2004,
    month = jun,
   volume = 127,
    pages = {3456-3478},
      doi = {10.1086/386351},
   adsurl = {http://adsabs.harvard.edu/abs/2004AJ....127.3456D},
  adsnote = {Provided by the SAO/NASA Astrophysics Data System}
}


@BOOK{Draine2011,
   author = {{Draine}, B.~T.},
    title = "{Physics of the Interstellar and Intergalactic Medium}",
booktitle = {Physics of the Interstellar and Intergalactic Medium by Bruce T.~Draine.~Princeton University Press, 2011.~ISBN: 978-0-691-12214-4},
     year = 2011,
   adsurl = {http://adsabs.harvard.edu/abs/2011piim.book.....D},
  adsnote = {Provided by the SAO/NASA Astrophysics Data System}
}

@ARTICLE{FuruyaShinnaga2009,
   author = {{Furuya}, R.~S. and {Shinnaga}, H.},
    title = "{High-velocity Molecular Outflow in CO J = 7-6 Emission from the Orion Hot Core}",
  journal = {\apj},
archivePrefix = "arXiv",
   eprint = {0908.0317},
 primaryClass = "astro-ph.GA",
 keywords = {ISM: jets and outflows, ISM: molecules, stars: early-type, stars: individual: Orion IRc2, submillimeter},
     year = 2009,
    month = oct,
   volume = 703,
    pages = {1198-1202},
      doi = {10.1088/0004-637X/703/2/1198},
   adsurl = {http://adsabs.harvard.edu/abs/2009ApJ...703.1198F},
  adsnote = {Provided by the SAO/NASA Astrophysics Data System}
}

@ARTICLE{Genzel1981,
     author = {{Genzel}, R. and {Reid}, M.~J. and {Moran}, J.~M. and {Downes}, D.
	},
    title = "{Proper motions and distances of H2O maser sources. I - The outflow in Orion-KL}",
   journal = {\apj},
 keywords = {INTERSTELLAR GAS, INTERSTELLAR MASERS, MOLECULAR CLOUDS, ORION NEBULA, VERY LONG BASE INTERFEROMETRY, WATER MASERS, DISTANCE, INFRARED RADIATION, SPECTRUM ANALYSIS, STELLAR EVOLUTION, STELLAR MASS EJECTION},
     year = 1981,
    month = mar,
   volume = 244,
    pages = {884-902},
      doi = {10.1086/158764},
   adsurl = {http://adsabs.harvard.edu/abs/1981ApJ...244..884G},
  adsnote = {Provided by the SAO/NASA Astrophysics Data System}
}

@ARTICLE{Goddi2011,
   author = {{Goddi}, C. and {Humphreys}, E.~M.~L. and {Greenhill}, L.~J. and 
	{Chandler}, C.~J. and {Matthews}, L.~D.},
    title = "{A Multi-epoch Study of the Radio Continuum Emission of Orion Source. I. Constraints on the Disk Evolution of a Massive YSO and the Dynamical History of Orion BN/KL}",
  journal = {\apj},
archivePrefix = "arXiv",
   eprint = {1011.3799},
 primaryClass = "astro-ph.SR",
 keywords = {binaries: close, ISM: individual objects: Orion BN/KL, methods: numerical, stars: formation},
     year = 2011,
    month = feb,
   volume = 728,
      eid = {15},
    pages = {15},
      doi = {10.1088/0004-637X/728/1/15},
   adsurl = {http://adsabs.harvard.edu/abs/2011ApJ...728...15G},
  adsnote = {Provided by the SAO/NASA Astrophysics Data System}
}

@ARTICLE{Graham2003,
   author = {{Graham}, M.~F. and {Meaburn}, J. and {Redman}, M.~P.},
    title = "{The Orion nebula (M42) Herbig-Haro object, HH 201, within the tip of a molecular finger}",
  journal = {\mnras},
 keywords = {line: profiles, stars: winds, outflows, ISM: Herbig, Haro objects, ISM: individual: HH 201, ISM: jets and outflows, infrared: ISM},
     year = 2003,
    month = aug,
   volume = 343,
    pages = {419-426},
      doi = {10.1046/j.1365-8711.2003.06692.x},
   adsurl = {http://adsabs.harvard.edu/abs/2003MNRAS.343..419G},
  adsnote = {Provided by the SAO/NASA Astrophysics Data System}
}


@ARTICLE{Greenhill1998,
   author = {{Greenhill}, L.~J. and {Gwinn}, C.~R. and {Schwartz}, C. and 
	{Moran}, J.~M. and {Diamond}, P.~J.},
    title = "{Coexisting conical bipolar and equatorial outflows from a high-mass protostar}",
  journal = {\nat},
   eprint = {arXiv:astro-ph/9811318},
     year = 1998,
    month = dec,
   volume = 396,
    pages = {650-653},
      doi = {10.1038/25299},
   adsurl = {http://adsabs.harvard.edu/abs/1998Natur.396..650G},
  adsnote = {Provided by the SAO/NASA Astrophysics Data System}
}

@ARTICLE{Gomez2008,
   author = {{G{\'o}mez}, L. and {Rodr{\'{\i}}guez}, L.~F. and {Loinard}, L. and 
	{Lizano}, S. and {Allen}, C. and {Poveda}, A. and {Menten}, K.~M.
	},
    title = "{Monitoring the Large Proper Motions of Radio Sources in the Orion BN/KL Region}",
  journal = {\apj},
archivePrefix = "arXiv",
   eprint = {0805.3650},
 keywords = {Astrometry, ISM: Individual: Name: Orion, Radio Continuum: Stars, Stars: Flare, Stars: Pre-Main-Sequence},
     year = 2008,
    month = sep,
   volume = 685,
    pages = {333-343},
      doi = {10.1086/590229},
   adsurl = {http://adsabs.harvard.edu/abs/2008ApJ...685..333G},
  adsnote = {Provided by the SAO/NASA Astrophysics Data System}
}

@ARTICLE{Grosso2006,
   author = {{Grosso}, N. and {Feigelson}, E.~D. and {Getman}, K.~V. and 
	{Kastner}, J.~H. and {Bally}, J. and {McCaughrean}, M.~J.},
    title = "{X-rays from <ASTROBJ>HH 210</ASTROBJ> in the Orion nebula}",
  journal = {\aap},
   eprint = {astro-ph/0601508},
 keywords = {ISM: Herbig-Haro objects, ISM: individual objects: HH 210, X-rays: ISM},
     year = 2006,
    month = mar,
   volume = 448,
    pages = {L29-L32},
      doi = {10.1051/0004-6361:200600004},
   adsurl = {http://adsabs.harvard.edu/abs/2006A%26A...448L..29G},
  adsnote = {Provided by the SAO/NASA Astrophysics Data System}
}

@ARTICLE{Gull1973,
   author = {{Gull}, T.~R. and {Goad}, L. and {Chiu}, H.-Y. and {Maran}, S.~P. and 
	{Hobbs}, R.~W.},
    title = "{An Emission-Line Object Found in the Orion Nebula}",
  journal = {\pasp},
     year = 1973,
    month = oct,
   volume = 85,
    pages = {526},
      doi = {10.1086/129499},
   adsurl = {http://adsabs.harvard.edu/abs/1973PASP...85..526G},
  adsnote = {Provided by the SAO/NASA Astrophysics Data System}
}

@ARTICLE{JonesWalker1985,
   author = {{Jones}, B.~F. and {Walker}, M.~F.},
    title = "{Proper motions of Herbig-Haro objects. VI - The M42 HH objects}",
  journal = {\aj},
 keywords = {Herbig-Haro Objects, Orion Nebula, Stellar Motions, Excitation, Position (Location), Velocity},
     year = 1985,
    month = jul,
   volume = 90,
    pages = {1320-1323},
      doi = {10.1086/113837},
   adsurl = {http://adsabs.harvard.edu/abs/1985AJ.....90.1320J},
  adsnote = {Provided by the SAO/NASA Astrophysics Data System}
}


@ARTICLE{Kaifu2000,
   author = {{Kaifu}, N. and {Usuda}, T. and {Hayashi}, S.~S. and {Itoh}, Y. and 
	{Akiyama}, M. and {Yamashita}, T. and {Nakajima}, Y. and {Tamura}, M. and 
	{Inutsuka}, S. and {Hayashi}, M. and {Maihara}, T. and {Iwamuro}, F. and 
	{Motohara}, K. and {Iwai}, J. and {Tanabe}, H. and {Taguchi}, T. and 
	{Hata}, R. and {Terada}, H. and {Goto}, M. and {Ando}, H. and 
	{Aoki}, T. and {Chikada}, Y. and {Doi}, M. and {Ebizuka}, N. and 
	{Fukuda}, T. and {Hamabe}, M. and {Hasegawa}, T. and {Horaguchi}, T. and 
	{Ichikawa}, S. and {Ichikawa}, T. and {Imanishi}, M. and {Imi}, K. and 
	{Inata}, M. and {Isobe}, S. and {Iye}, M. and {Kamata}, Y. and 
	{Kanzawa}, T. and {Karoji}, H. and {Kashikawa}, N. and {Kataza}, H. and 
	{Kato}, T. and {Kobayashi}, N. and {Kobayashi}, Y. and {Kodaira}, K. and 
	{Kosugi}, G. and {Kurakami}, T. and {Mikami}, Y. and {Miyama}, S.~M. and 
	{Miyashita}, A. and {Miyata}, T. and {Miyazaki}, S. and {Mizumoto}, Y. and 
	{Nakagiri}, M. and {Nakajima}, K. and {Nakamura}, K. and {Nariai}, K. and 
	{Nishihara}, E. and {Nishikawa}, J. and {Nishimura}, S. and 
	{Nishimura}, T. and {Nishino}, T. and {Noguchi}, K. and {Noguchi}, T. and 
	{Noumaru}, J. and {Ogasawara}, R. and {Okada}, N. and {Okita}, K. and 
	{Omata}, K. and {Oshima}, N. and {Otsubo}, M. and {Sasaki}, G. and 
	{Sasaki}, T. and {Sekiguchi}, M. and {Sekiguchi}, K. and {Shelton}, I. and 
	{Simpson}, C. and {Suto}, H. and {Takami}, H. and {Takata}, T. and 
	{Takato}, N. and {Tanaka}, K. and {Tanaka}, W. and {Tomono}, D. and 
	{Torii}, Y. and {Waseda}, K. and {Watanabe}, J. and {Watanabe}, M. and 
	{Yagi}, M. and {Yamashita}, Y. and {Yasuda}, N. and {Yoshida}, M. and 
	{Yoshida}, S. and {Yutani}, M.},
    title = "{The First Light of the Subaru Telescope: A New Infrared Image of the Orion Nebula}",
  journal = {\pasj},
 keywords = {ISM: INDIVIDUAL (ORION NEBULA), STARS: LUMINOSITY FUNCTION, MASS FUNCTION, TELESCOPES},
     year = 2000,
    month = feb,
   volume = 52,
    pages = {1},
   adsurl = {http://adsabs.harvard.edu/abs/2000PASJ...52....1K},
  adsnote = {Provided by the SAO/NASA Astrophysics Data System}
}

@ARTICLE{KwanScoville1976,
   	author = {{Kwan}, J. and {Scoville}, N.},
    	title = "{The nature of the broad molecular line emission at the Kleinmann-Low nebula}",
  	journal = {\apjl},
 	keywords = {CARBON MONOXIDE, INFRARED SPECTRA, INTERSTELLAR RADIATION, MOLECULAR SPECTRA, NEBULAE, ASTRONOMICAL SPECTROSCOPY, GAS EXPANSION, HYDROGEN CLOUDS, KINETIC ENERGY, LINE SHAPE, SHOCK FRONTS, SPECTRAL LINE WIDTH},
     	year = 1976,
    	month = nov,
   	volume = 210,
    	pages = {L39-L43},
      	doi = {10.1086/182298},
   	adsurl = {http://adsabs.harvard.edu/abs/1976ApJ...210L..39K},
  	adsnote = {Provided by the SAO/NASA Astrophysics Data System}
}

@ARTICLE{LeeBurton2000,
   author = {{Lee}, J.-K. and {Burton}, M.~G.},
    title = "{An infrared proper motion study of the Orion bullets}",
  journal = {\mnras},
   eprint = {astro-ph/9908028},
 keywords = {ISM: INDIVIDUAL: OMC-1, ISM: JETS AND OUTFLOWS, INFRARED: ISM: LINES AND BANDS},
     year = 2000,
    month = jun,
   volume = 315,
    pages = {11-20},
      doi = {10.1046/j.1365-8711.2000.03345.x},
   adsurl = {http://adsabs.harvard.edu/abs/2000MNRAS.315...11L},
  adsnote = {Provided by the SAO/NASA Astrophysics Data System}
}

@ARTICLE{McCaughrean_MacLow1997,
   author = {{McCaughrean}, M.~J. and {Mac Low}, M.-M.},
    title = "{The OMC-1 Molecular Hydrogen Outflow as a Fragmented Stellar Wind Bubble}",
  journal = {\aj},
   eprint = {arXiv:astro-ph/9611058},
     year = 1997,
    month = jan,
   volume = 113,
    pages = {391-400},
      doi = {10.1086/118261},
   adsurl = {http://adsabs.harvard.edu/abs/1997AJ....113..391M},
  adsnote = {Provided by the SAO/NASA Astrophysics Data System}
}

@ARTICLE{MunchTaylor1974,
   author = {{M{\"u}nch}, G. and {Taylor}, K.},
    title = "{On the Spectrum of Neutral Oxygen in the Orion Nebula}",
  journal = {\apjl},
     year = 1974,
    month = sep,
   volume = 192,
    pages = {L93},
      doi = {10.1086/181599},
   adsurl = {http://adsabs.harvard.edu/abs/1974ApJ...192L..93M},
  adsnote = {Provided by the SAO/NASA Astrophysics Data System}
}


@article{Muench2002a,
	Author = {{Muench}, A.~A. and {Lada}, E.~A. and {Lada}, C.~J. and {Alves}, J.},
	Journal = {\apj},
	Month = jul,
	Pages = {366-393},
	Title = {{The Luminosity and Mass Function of the Trapezium Cluster: From B Stars to the Deuterium-burning Limit}},
	Volume = 573,
	Year = 2002
}

@ARTICLE{Neichel2014,
   author = {{Neichel}, B. and {Rigaut}, F. and {Vidal}, F. and {van Dam}, M.~A. and 
	{Garrel}, V. and {Carrasco}, E.~R. and {Pessev}, P. and {Winge}, C. and 
	{Boccas}, M. and {d'Orgeville}, C. and {Arriagada}, G. and {Serio}, A. and 
	{Fesquet}, V. and {Rambold}, W.~N. and {L{\"u}hrs}, J. and {Moreno}, C. and 
	{Gausachs}, G. and {Galvez}, R.~L. and {Montes}, V. and {Vucina}, T.~B. and 
	{Marin}, E. and {Urrutia}, C. and {Lopez}, A. and {Diggs}, S.~J. and 
	{Marchant}, C. and {Ebbers}, A.~W. and {Trujillo}, C. and {Bec}, M. and 
	{Trancho}, G. and {McGregor}, P. and {Young}, P.~J. and {Colazo}, F. and 
	{Edwards}, M.~L.},
    title = "{Gemini multiconjugate adaptive optics system review - II. Commissioning, operation and overall performance}",
  journal = {\mnras},
archivePrefix = "arXiv",
   eprint = {1402.6906},
 primaryClass = "astro-ph.IM",
 keywords = {instrumentation: adaptive optics, instrumentation: high angular resolution, telescopes},
     year = 2014,
    month = may,
   volume = 440,
    pages = {1002-1019},
      doi = {10.1093/mnras/stu403},
   adsurl = {http://adsabs.harvard.edu/abs/2014MNRAS.440.1002N},
  adsnote = {Provided by the SAO/NASA Astrophysics Data System}
}

@INPROCEEDINGS{Neichel2013,
   author = {{Neichel}, B. and {Vidal}, F. and {Rigaut}, F. and {Carrasco}, R. and 
	{Arriagada}, G. and {Serio}, A. and {Pessev}, P. and {Winge}, C. and 
	{Van Dam}, M. and {Garrel}, V. and {Araujo}, C. and {Boccas}, M. and 
	{Fesquet}, V. and {Galvez}, R. and {Gausachs}, G. and {Luhrs}, J. and 
	{Montes}, V. and {Moreno}, C. and {Rambold}, W. and {Trujillo}, C. and 
	{Urrutia}, C. and {Vucina}, T.},
    title = "{GeMS first science results}",
booktitle = {Proceedings of the Third AO4ELT Conference},
     year = 2013,
   editor = {{Esposito}, S. and {Fini}, L.},
    month = dec,
      eid = {111},
      doi = {10.12839/AO4ELT3.13993},
   adsurl = {http://adsabs.harvard.edu/abs/2013aoel.confE.111N},
  adsnote = {Provided by the SAO/NASA Astrophysics Data System}
}


@ARTICLE{ODell2003,
   author = {{O'Dell}, C.~R. and {Doi}, T.},
    title = "{High Proper Motion Features in the Central Orion Nebula}",
  journal = {\aj},
 keywords = {ISM: Herbig-Haro Objects, ISM: Individual: Name: Orion Nebula, ISM: Jets and Outflows, Stars: Winds, Outflows},
     year = 2003,
    month = jan,
   volume = 125,
    pages = {277-287},
      doi = {10.1086/345512},
   adsurl = {http://adsabs.harvard.edu/abs/2003AJ....125..277O},
  adsnote = {Provided by the SAO/NASA Astrophysics Data System}
}


	
@ARTICLE{Plambeck2009,
   author = {{Plambeck}, R.~L. and {Wright}, M.~C.~H. and {Friedel}, D.~N. and 
	{Widicus Weaver}, S.~L. and {Bolatto}, A.~D. and {Pound}, M.~W. and 
	{Woody}, D.~P. and {Lamb}, J.~W. and {Scott}, S.~L.},
    title = "{Tracing the Bipolar Outflow from Orion Source I}",
  journal = {\apjl},
archivePrefix = "arXiv",
   eprint = {0909.2906},
 primaryClass = "astro-ph.GA",
 keywords = {ISM: individual: Orion-KL, ISM: jets and outflows, masers, stars: formation},
     year = 2009,
    month = oct,
   volume = 704,
    pages = {L25-L28},
      doi = {10.1088/0004-637X/704/1/L25},
   adsurl = {http://adsabs.harvard.edu/abs/2009ApJ...704L..25P},
  adsnote = {Provided by the SAO/NASA Astrophysics Data System}
}

@ARTICLE{Menten2007,
   author = {{Menten}, K.~M. and {Reid}, M.~J. and {Forbrich}, J. and {Brunthaler}, A.
	},
    title = "{The distance to the Orion Nebula}",
  journal = {\aap},
archivePrefix = "arXiv",
   eprint = {0709.0485},
 keywords = {stars: pre-main sequence, radio continuum: stars, techniques: interferometic, astrometry},
     year = 2007,
    month = nov,
   volume = 474,
    pages = {515-520},
      doi = {10.1051/0004-6361:20078247},
   adsurl = {http://adsabs.harvard.edu/abs/2007A%26A...474..515M},
  adsnote = {Provided by the SAO/NASA Astrophysics Data System}
}

@ARTICLE{Rigaut2014,
   author = {{Rigaut}, F. and {Neichel}, B. and {Boccas}, M. and {d'Orgeville}, C. and 
	{Vidal}, F. and {van Dam}, M.~A. and {Arriagada}, G. and {Fesquet}, V. and 
	{Galvez}, R.~L. and {Gausachs}, G. and {Cavedoni}, C. and {Ebbers}, A.~W. and 
	{Karewicz}, S. and {James}, E. and {L{\"u}hrs}, J. and {Montes}, V. and 
	{Perez}, G. and {Rambold}, W.~N. and {Rojas}, R. and {Walker}, S. and 
	{Bec}, M. and {Trancho}, G. and {Sheehan}, M. and {Irarrazaval}, B. and 
	{Boyer}, C. and {Ellerbroek}, B.~L. and {Flicker}, R. and {Gratadour}, D. and 
	{Garcia-Rissmann}, A. and {Daruich}, F.},
    title = "{Gemini multiconjugate adaptive optics system review - I. Design, trade-offs and integration}",
  journal = {\mnras},
archivePrefix = "arXiv",
   eprint = {1310.6199},
 primaryClass = "astro-ph.IM",
 keywords = {instrumentation: adaptive optics, instrumentation: high angular resolution, telescopes},
     year = 2014,
    month = jan,
   volume = 437,
    pages = {2361-2375},
      doi = {10.1093/mnras/stt2054},
   adsurl = {http://adsabs.harvard.edu/abs/2014MNRAS.437.2361R},
  adsnote = {Provided by the SAO/NASA Astrophysics Data System}
}

@INPROCEEDINGS{Rigaut2012,
   author = {{Rigaut}, F. and {Neichel}, B. and {Boccas}, M. and {d'Orgeville}, C. and 
	{Arriagada}, G. and {Fesquet}, V. and {Diggs}, S.~J. and {Marchant}, C. and 
	{Gausach}, G. and {Rambold}, W.~N. and {Luhrs}, J. and {Walker}, S. and 
	{Carrasco-Damele}, E.~R. and {Edwards}, M.~L. and {Pessev}, P. and 
	{Galvez}, R.~L. and {Vucina}, T.~B. and {Araya}, C. and {Gutierrez}, A. and 
	{Ebbers}, A.~W. and {Serio}, A. and {Moreno}, C. and {Urrutia}, C. and 
	{Rogers}, R. and {Rojas}, R. and {Trujillo}, C. and {Miller}, B. and 
	{Simons}, D.~A. and {Lopez}, A. and {Montes}, V. and {Diaz}, H. and 
	{Daruich}, F. and {Colazo}, F. and {Bec}, M. and {Trancho}, G. and 
	{Sheehan}, M. and {McGregor}, P. and {Young}, P.~J. and {Doolan}, M.~C. and 
	{van Harmelen}, J. and {Ellerbroek}, B.~L. and {Gratadour}, D. and 
	{Garcia-Rissmann}, A.},
    title = "{GeMS: first on-sky results}",
booktitle = {Society of Photo-Optical Instrumentation Engineers (SPIE) Conference Series},
     year = 2012,
   series = {Society of Photo-Optical Instrumentation Engineers (SPIE) Conference Series},
   volume = 8447,
    month = jul,
      eid = {84470I},
      doi = {10.1117/12.927061},
   adsurl = {http://adsabs.harvard.edu/abs/2012SPIE.8447E..0IR},
  adsnote = {Provided by the SAO/NASA Astrophysics Data System}
}


@ARTICLE{Snell1984,
   author = {{Snell}, R.~L. and {Scoville}, N.~Z. and {Sanders}, D.~B. and 
	{Erickson}, N.~R.},
    title = "{High-velocity molecular jets}",
  journal = {\apj},
 keywords = {CARBON MONOXIDE, MILLIMETER WAVES, MOLECULAR CLOUDS, PLASMA JETS, PRE-MAIN SEQUENCE STARS, RADIO SPECTRA, ASTRONOMICAL MAPS, EMISSION SPECTRA, MOLECULAR GASES, OPTICAL THICKNESS, ORION NEBULA, STELLAR WINDS},
     year = 1984,
    month = sep,
   volume = 284,
    pages = {176-193},
      doi = {10.1086/162397},
   adsurl = {http://adsabs.harvard.edu/abs/1984ApJ...284..176S},
  adsnote = {Provided by the SAO/NASA Astrophysics Data System}
}

@ARTICLE{Tan2012,
   author = {{Chatterjee}, S. and {Tan}, J.~C.},
    title = "{Gravitational Slingshot of Young Massive Stars in Orion}",
  journal = {\apj},
archivePrefix = "arXiv",
   eprint = {1203.0325},
 primaryClass = "astro-ph.SR",
 keywords = {binaries: general, methods: numerical, scattering, stars: individual: Becklin-Neugebauer object {\thetas}1C, stars: kinematics and dynamics},
     year = 2012,
    month = aug,
   volume = 754,
      eid = {152},
    pages = {152},
      doi = {10.1088/0004-637X/754/2/152},
   adsurl = {http://adsabs.harvard.edu/abs/2012ApJ...754..152C},
  adsnote = {Provided by the SAO/NASA Astrophysics Data System}
}

@ARTICLE{Tan2004,
   author = {{Tan}, J.~C.},
    title = "{The Becklin-Neugebauer Object as a Runaway B Star, Ejected 4000 Years Ago from the {\thetas}$^{1}$ Orionis C System}",
  journal = {\apjl},
   eprint = {arXiv:astro-ph/0401552},
 keywords = {Stars: Formation, Stars: Kinematics, Stars: Winds, Outflows},
     year = 2004,
    month = may,
   volume = 607,
    pages = {L47-L50},
      doi = {10.1086/421721},
   adsurl = {http://adsabs.harvard.edu/abs/2004ApJ...607L..47T},
  adsnote = {Provided by the SAO/NASA Astrophysics Data System}
}

@ARTICLE{Tedds1999,
   author = {{Tedds}, J.~A. and {Brand}, P.~W.~J.~L. and {Burton}, M.~G.},
    title = "{Shocked H$_{2}$ and Fe$^{+}$ dynamics in the Orion bullets}",
  journal = {\mnras},
   eprint = {astro-ph/9903022},
     year = 1999,
    month = aug,
   volume = 307,
    pages = {337-356},
      doi = {10.1046/j.1365-8711.1999.02604.x},
   adsurl = {http://adsabs.harvard.edu/abs/1999MNRAS.307..337T},
  adsnote = {Provided by the SAO/NASA Astrophysics Data System}
}

@ARTICLE{Tedds1995a,
   author = {{Tedds}, J.~A. and {Brand}, P.~W.~J.~L. and {Burton}, M.~G. and 
	{Chrysostomou}, A. and {Fernandes}, A.~J.~L.},
    title = "{Observations of shocked H$_{2}$ and [FeII] line profiles in orion bullet wakes}",
  journal = {\apss},
     year = 1995,
    month = nov,
   volume = 233,
    pages = {39-44},
      doi = {10.1007/BF00627328},
   adsurl = {http://adsabs.harvard.edu/abs/1995Ap%26SS.233...39T},
  adsnote = {Provided by the SAO/NASA Astrophysics Data System}
}

@ARTICLE{Tedds1995b,
   author = {{Tedds}, J.~A. and {Brand}, P.~W.~J.~L. and {Burton}, M.~G. and 
	{Chrysostomou}, A. and {Fernandes}, A.~J.~L.},
    title = "{Observations of shocked [FeII] and H$_{2}$ line profiles in orion bullet wakes}",
  journal = {\apss},
     year = 1995,
    month = feb,
   volume = 224,
    pages = {139-142},
      doi = {10.1007/BF00667836},
   adsurl = {http://adsabs.harvard.edu/abs/1995Ap%26SS.224..139T},
  adsnote = {Provided by the SAO/NASA Astrophysics Data System}
}


@ARTICLE{WisemanHo1996,
   author = {{Wiseman}, J.~J. and {Ho}, P.~T.~P.},
    title = "{Heated gaseous streamers and star formation in the Orion molecular cloud}",
  journal = {\nat},
     year = 1996,
    month = jul,
   volume = 382,
    pages = {139-141},
      doi = {10.1038/382139a0},
   adsurl = {http://adsabs.harvard.edu/abs/1996Natur.382..139W},
  adsnote = {Provided by the SAO/NASA Astrophysics Data System}
}

@ARTICLE{Zapata2009,
   author = {{Zapata}, L.~A. and {Schmid-Burgk}, J. and {Ho}, P.~T.~P. and 
	{Rodr{\'{\i}}guez}, L.~F. and {Menten}, K.~M.},
    title = "{Explosive Disintegration of a Massive Young Stellar System in Orion}",
  journal = {\apjl},
archivePrefix = "arXiv",
   eprint = {0907.3945},
 primaryClass = "astro-ph.GA",
 keywords = {ISM: individual: Orion BN/KL, ISM: jets and outflows, ISM: molecules, ISM: Herbig-Haro objects, radio lines: ISM, techniques: interferometric},
     year = 2009,
    month = oct,
   volume = 704,
    pages = {L45-L48},
      doi = {10.1088/0004-637X/704/1/L45},
   adsurl = {http://adsabs.harvard.edu/abs/2009ApJ...704L..45Z},
  adsnote = {Provided by the SAO/NASA Astrophysics Data System}
}

